2825 4442
295 190 442 257 ‘1248
1017 182 1821 273 IUNSTI'NI

341 355 344 356 ’
395 362 540 425 quae
577 350 770 421 gentes
811 354 950 403 eum·
973 342 1218 399 amatis-
1249 340 1536 414 octoginta
1588 336 1821 397 millibus
1876 338 2129 417 peditum
2166 342 2226 397 et
2260 340 2559 415 sexaginta

335 431 383 490 4
401 431 636 490 millibus
653 427 910 504 ‘equitum
933 426 1230 504 excipiunt.
1315 424 1460 481 Cum
1479 422 1693 501 proelio
1729 422 1903 481 victor
1928 428 2110 495 esset,
2152 424 2453 483 exercitum
2474 426 2561 483 ad

347 519 384 572 5
399 514 592 571 urbem
635 528 828 574 eorum
853 510 1023 569 ducit.
1109 509 1294 577 Quam
1333 508 1611 567 desertam
1644 526 1681 566 a
1702 507 2089 567 defensoribus
2120 525 2244 565 cum
2274 508 2348 566 de
2375 520 2559 582 maro,

395 614 563 673 quem
585 596 797 673 primus
825 598 1050 674 ceperat
1065 635 1086 668 ,
1125 592 1609 652 animadvertisset
1622 634 1641 665 ,
1682 593 1741 651 in
1770 592 1921 650 urbis
1965 590 2253 669 planitiem
2294 593 2416 652 sine
2443 590 2558 651 ullo

348 688 384 741 6
401 680 636 741 satellite
659 678 879 739 desiliit.
945 673 1146 755 Itaque
1169 696 1298 737 cum
1327 696 1452 737 eum
1492 676 1684 735 hostes
1726 676 1903 735 solum
1943 676 2364 753 conspexissent
2378 720 2397 751 ,
2440 676 2559 736 cla·-

395 782 551 823 ωσι-ε
579 764 731 823 edito
761 763 1008 839 undique
1037 767 1370 823 concurrunt
1378 803 1401 843 .,
1445 762 1493 819 si
1518 762 1737 839 possint
1754 760 1827 819 'in
1862 776 1981 819 ‘uno
2018 760 2199 838 capite
2226 760 2373 819 orbis
2406 760 2561 821 bella

351 852 386 907 7
399 848 563 908 finire
590 852 650 907 et
670 846 936 905 ultionem
963 852 1052 906 tot
1073 846 1334 923 gentibus
1363 846 1515 905 dare.
1596 844 1723 905 Nec
1750 846 1931 911 minus
1954 842 2271 903 Alexander
2296 852 2561 903 constan·

351 939 386 992 8
403 938 492 992 ter
515 933 724 991 restitit
739 937 798 991 et
825 950 966 997 unus
997 927 1262 991 adversus
1284 934 1386 989 ··tot
1419 929 1587 987 millia
1626 929 1947 1007 proeliatur.
2029 927 2361 988 Incredibile
2402 932 2561 989 dictu

403 1021 524 1090 est,
568 1022 632 1074 ut
667 1035 795 1075 eum
824 1031 939 1074 non
963 1014 1256 1075 multitudo
1281 1014 1527 1095 hostium
1545 1056 1563 1086 ,
1606 1022 1723 1073 non‘
1762 1014 1847 1071 vis
1864 1072 1867 1077 ,
1886 1030 2089 1093 magna
2128 1012 2396 1087 telorum,
2440 1030 2559 1073 non

399 1105 592 1161 tantus
618 1098 1003 1169 lacessentium
1030 1098 1235 1158 clamor
1269 1098 1557 1158 terruerit:
1600 1098 1751 1157 solus
1786 1103 1875 1155 tot
1896 1096 2063 1157 millia
2092 1098 2351 1157 ceciderit
2373 1117 2439 1157 ac
2470 1101 2563 1156 su·-

351 1188 388 1241 9
402 1186 630 1262 gaverit.
714 1184 832 1242 Ubi
871 1198 1002 1244 vero
1045 1182 1204 1241 obrui
1241 1181 1593 1240 multitudine
1628 1201 1693 1241 se
1732 1183 1901 1263 vidit,
1944 1188 2135 1263 trunco
2178 1202 2241 1241 se
2256 1227 2279 1255 ,
2318 1172 2412 1258 (ἰοί
2437 1189 2561 1241 tum

321 1275 392 1327 10
406 1274 637 1349 propter
663 1274 880 1328 murum‘
901 1268 1115 1340 stabat,
1154 1264 1451 1343 applicuit:
1504 1266 1657 1323 cuius
1684 1266 1879 1327 anxilio
1904 1273 2056 1324 tutus
2084 1286 2205 1325 cum
2236 1266 2331 1324 diu
2356 1285 2563 1343 agmen

358 1366 360 1369 ’
405 1353 754 1411 sustinuisset
767 1393 785 1423 ,
827 1351 1048 1410 tandem
1077 1351 1302 1427 cognito
1337 1349 1583 1428 periculo
1614 1350 1732 1409 eius
1776 1351 1937 1409 amici
1976 1352 2052 1409 ad
2070 1361 2075 1370 ‘
2096 1346 2222 1409 euni
2266 1351 2561 1411 desiliunt:

323 1443 387 1497 11
409 1456 476 1498 ex
501 1438 698 1514 quibus
721 1434 881 1494 multi
903 1437 1052 1495 eaesi
1067 1478 1086 1509 ,
1128 1434 1511 1514 proeliumque
1528 1436 1742 1493 tamdiu
1764 1452 1967 1512 anceps
2002 1433 2107 1493 fuit
2120 1480 2137 1507 ,
2166 1437 2353 1511 quoad
2378 1436 2559 1493 omnis

263 1543 268 1547 ·
325 1526 394 1581 12
411 1522 676 1589 exercitus
713 1521 882 1579 muris
921 1520 1149 1581 deiectis
1184 1521 1242 1578 in
1271 1518 1527 1579 auxilium
1567 1522 1796 1579 veniret.
1878 1520 1945 1577 In
1986 1538 2055 1578 eo
2094 1520 2305 1596 proelio
2352 1520 2562 1595 sagitta

412 1608 513 1666 sub
553 1624 790 1665 mamma
827 1607 1087 1666 traiectus
1102 1648 1120 1678 ,
1151 1624 1298 1663 ‘mm
1337 1605 1620 1681 sanguinis
1663 1608 1813 1665 fluxu
1846 1602 2139 1675 deficeret,
2184 1623 2334 1680 genu
2352 1602 2560 1683 ‚posito

409 1697 528 1749 tam
561 1692 657 1749 diu
691 1688 990 1767 proeliatus
1027 1696 1149 1763 est,
1193 1692 1378 1749 donec'
1418 1708 1548 1749 eum
1562 1734 1579 1763 ‚
1620 1708 1659 1747 a
1686 1708 1799 1765 quo
1826 1688 2141 1749 vulneratus
2168 1690 2374 1762 fuerat,
2416 1690 2563 1749 occi-

186 1760 202 1773 ⁴
259 1743 266 1749 .
330 1778 398 1833 13
411 1776 585 1839 deret.
669 1774 900 1833 Curatio
923 1775 1160 1835 vulneris
1189 1775 1409 1850 gravior
1434 1774 1559 1851 ipso
1590 1772 1821 1833 vulnere
1832 1774 1955 1831 fuit.
2040 1814 2047 1819 ·

363 1866 393 1919 1
577 1856 650 1916 X.
693 1857 890 1935 Itaque
913 1879 984 1918 ex
1013 1876 1218 1935 magna
1242 1857 1628 1935 desperatione
1654 1860 1881 1917 tandem
1908 1856 2076 1915 saluti
2110 1858 2355 1917 redditu-s
2394 1856 2564 1934 Poly-

409 1942 711 2025 perchonta
733 1962 854 2002 cum
880 1946 1118 2004 exercitu
1145 1940 1513 2019 Babyloniam
1541 1942 1738 2001 mittit:
1771 1940 1893 2022 ipse
1923 1962 2049 2001 cum
2074 1940 2365 2004 lectissima
2395 1962 2565 2031 manu

327 2128 595 2184 Harduiuo
632 2126 796 2199 (ΧΠ,
831 2130 867 2185 6
884 2125 1082 2199 (12ης
1116 2130 1174 2181 in
1208 2127 1481 2197 Sydracis,
1527 2126 1620 2179 ubi
1655 2127 1739 2180 hic
1770 2126 1993 2195 populus
2026 2128 2242 2179 vocatur
2276 2126 2564 2195 expeditio-

326 2210 451 2268 num
483 2200 768 2251 Alexandri
809 2199 1093 2259 terminu-⁴2,-
1152 2198 1288 2250 idem
1322 2196 1428 2259 VI·,
1475 2196 1546 2251 23
1572 2196 1731 2263 (2502
1779 2198 2051 2265 Syndraei.
2116 2193 2300 2247 codd.
2358 2194 2563 2247 Curtii:

329 2266 889 2335 Sudracae.(Freinsh.
925 2265 992 2318 ad
1027 2264 1135 2329 IX,
1159 2263 1229 2329 4,
1268 2263 1365 2331 1);
1415 2264 1818 2333 ap.·Diodornm
1866 2264 1995 2316 adeo
2044 2263 2397 2329 Συρακοῦ
2416 2278 2558 2330 σἀι,

329 2352 376 2389 c.
399 2336 499 2400 983
535 2335 624 2389 alii
653 2341 797 2388 recte
837 2334 1170 2403 oxydracac,
1206 2350 1334 2403 quos
1362 2332 1547 2385 laudat
1581 2332 1801 2385 Pitiscus
1838 2332 1904 2387 ad
1938 2332 2093 2387 Cart.
2121 2332 2219 2399 IX,
2253 2330 2303 2387 4.
2332 2338 2438 2388 not.
2460 2330 2565 2395 423

327 2402 478 2457 adde'
496 2403 710 2456 Lucian.
745 2402 813 2459 D.
845 2402 1007 2455 Mort.
1043 2401 1112 2457 14
1136 2441 1162 2469 s.
1192 2405 1226 2467 ἓ
1259 2404 1310 2457 5.
1826 2460 1841 2467 ‚
2478 2432 2483 2437 ·

464 2474 500 2536 3
534 2470 589 2527 4.
653 2474 828 2523 urbem
861 2486 1034 2523 eornm
1105 2470 1418 2533 Malloi-nme
1449 2486 1501 2522 v.
1535 2468 1849 2527 Freinshem.
1884 2470 1951 2524 ad
1983 2470 2129 2525 Cart.
2164 2467 2275 2535 lx,
2305 2466 2340 2523 4
2359 2505 2378 2531 ‚
2410 2472 2443 2534 S
2470 2470 2581 2525 26:

466 2542 504 2604 S
533 2539 606 2593 5:
659 2541 914 2593 decenam
947 2556 984 2591 a
1053 2540 1367 2605 escuem-ibus
1397 2539 1546 2607 cett]
1602 2538 1875 2609 Refu'gisse
1910 2539 2273 2593 enim-incolae
2308 2537 2567 2602 videntur,

331 2622 445 2661 cum
479 2605 698 2661 hostium
731 2606 809 2659 vis
841 2606 908 2659 de
941 2622 1088 2660 muro
1121 2606 1418 2675 ingrueret3
1449 2608 1916 2663 animadvertentes
1951 2614 2120 2661 autem
2148 2624 2247 2659 non
2268 2606 2397 2660 adeo
2426 2606 2577 2676 peri-->

259 2708 268 2717 ·
319 2676 553 2729 ‘cnlosam
587 2690 808 2743 pugnam
841 2676 960 2728 fore
1003 2691 1070 2727 ex
1115 2674 1329 2728 latebris
1376 2685 1741 2745 provenerunt.
1811 2678 2029 2730 Frustra
2067 2676 2233 2743 igitur
2281 2714 2318 2739 „
2334 2674 2573 2727 absurdi-

331 2744 454 2796 tatis
469 2748 508 2775 “
543 2749 768 2797 nostrum
799 2744 1090 2798 insimulare
1125 2743 1363 2799 videntur
1396 2745 1689 2799 Glareanus
1724 2751 1778 2800 et
1812 2744 2185 2798 Freinshemius
2214 2743 2281 2795 ad
2308 2744 2458 2797 Curi..
2472 2742 2569 2807 IX,

331 2812 398 2875 5,
429 2812 481 2867 2.
551 2806 688 2866 Mire
722 2830 832 2867 mss.
868 2814 1034 2883 Bong.
1071 2817 1125 2881 et
1139 2811 1274 2868 “'coll.
1308 2812 1374 2867 C.
1411 2812 1503 2866 C.=
1556 2816 1817 2868 desertam
1852 2816 2027 2868 diebus
2058 2814 2237 2865 tribus.

470 2882 698 3005 ιέεέἐῐίἰτ]
735 2882 829 2945 Sic
860 2883 1026 2953 Bong.
1063 2889 1120 2937 et.
1152 2882 1380 2937 codicum
1413 2881 1565 2952 copia
1598 2884 1779 2937 maior.
1850 2884 2084 2935 Gronov.
2102 2900 2118 2933 ι
2154 2882 2392 2945 desiluit,
2428 2897 2477 2949 q.
2516 2898 2569 2933 v.

331 2963 440 3021 pag
466 3022 500 3089 §
533 3024 586 3075 7.
656 3020 890 3089 restitit}
934 3018 1026 3073 sio
1059 3016 1216 3073 codd.
1263 3026 1437 3073 omnes
1482 3024 1535 3073 et
1580 3018 1699 3073 edd.
1744 3025 1867 3073 ante
1895 3020 2055 3088 ‘Alea
2100 3016 2408 3081 rectissime3
2454 3032 2572 3069 nam

331 3088 585 3145 narrantis
619 3089 720 3142 hoc
753 3094 833 3143 est
867 3093 923 3143 et
955 3107 1039 3143 res
1111 3094 1220 3141 esta
1255 3088 1324 3141 ad
1357 3087 1623 3141 historiam
1656 3090 1948 3158 pertinens3
1994 3087 2115 3141 inde
2145 3092 2313 3139 autem
2348 3084 2575 3153 scriptor

332 3156 400 3208 ad
435 3157 690 3226 picturam
726 3157 1002 3227 pugnantis
1034 3158 1080 3209 A
1099 3156 1313 3209 exandri
1349 3173 1650 3225 progressus
1684 3163 1809 3225 apte
1843 3156 2107 3225 subiungit
2142 3172 2385 3223 praesens
2416 3170 2575 3223 proe-

333 3226 512 3281 liatur.
579 3224 749 3292 Vulgo
783 3232 996 3279 auctore
1029 3224 1230 3283 Fibra:
1265 3226 1493 3291 resistit,
1542 3225 1679 3297 quod
1714 3225 1975 3281 Graevius
2012 3231 2079 3278 e'x
2112 3224 2359 3292 „optima
2374 3226 2409 3253 “
2445 3222 2574 3275 Iun-

331 3292 445 3345 tina
476 3310 566 3345 sua
599 3292 934 3348 commendat.
1059 3328 1070 3335 -
1143 3325 1188 3344 --

468 3362 502 3425 S
537 3363 586 3415 8.
657 3362 930 3431 ceciderit]
967 3360 1160 3430 Bong.=
1199 3360 1496 3415 caeciderit.

401 3473 403 3475 .
470 3430 506 3493 S
539 3430 592 3484 9.
661 3430 749 3497 qui
780 3428 890 3481 tum
916 3438 1136 3499 propter
1160 3432 1256 3497 τι]
1294 3429 1386 3482 Sic
1422 3428 1588 3497 Bong.
1626 3446 1655 3481 e
1690 3429 1825 3494 suis,
1856 3432 1892 3487 8
1928 3429 2209 3498 Anglorum
2244 3430 2302 3481 et
2336 3426 2446 3481 siue
2482 3427 2576 3479 du-

333 3494 422 3549 bio
457 3495 660 3564 plures3
710 3514 878 3565 neque
911 3499 1072 3563 scias,
1119 3514 1212 3553 cur
1244 3502 1465 3565 recentt.
1502 3498 1817 3561 deleverint,
1864 3516 1977 3557 cum
2012 3496 2311 3551 sententiam
2346 3496 2579 3565 apprime

285 3598 292 3605 ,
335 3563 547 3617 adiuvet
575 3571 634 3616 ‘et
677 3563 906 3621 definiat.
974 3566 1082 3619 Iam
1127 3566 1182 3619 in
1232 3566 1384 3618 codd.
1435 3562 1620 3631 Βαὰλ,
1674 3566 1867 3631 Goth„
1916 3567 2101 3632 Crac„
2149 3566 2308 3634 Prag.
2344 3566 2581 3619 omissum

333 3632 518 3695 video3
552 3631 608 3684 in
639 3632 756 3703 edd.
792 3639 960 3687 autem
995 3635 1220 3691 omnibus
1255 3632 1597 3686 desideratur.

471 3704 512 3772 5.
541 3703 626 3756 11.
694 3703 854 3755 muris
886 3703 1137 3772 deiectis]
1190 3700 1485 3767 „Dolabris
1512 3705 1839 3773 perfregere
1884 3700 2141 3756 murum.“
2167 3701 2343 3756 Cart.
2372 3700 2485 3765 IX,
2523 3701 2577 3766 5,
2666 3704 2680 3709 “

320 3770 370 3835 -S
407 3770 490 3823 19.
556 3769 820 3823 Graevius
852 3776 1021 3825 tamen
1057 3787 1124 3825 ex
1155 3769 1290 3823 lunt..
1307 3790 1322 3821 ε
1359 3770 1617 3838 deiectus,
1654 3790 1767 3823 cum
1800 3789 1857 3824 se
1890 3770 2162 3825 deiecisset
2204 3769 2354 3839 (Ald.
2389 3769 2583 3864 retinet
2700 3780 2707 3785 ’

335 3836 606 3908 deiectis);
642 3837 718 3890 sic
751 3854 851 3890 uon
883 3838 1044 3892 solum
1080 3840 1240 3907 Magi.
1257 3876 1274 3902 ‚
1310 3836 1400 3889 sed
1436 3836 1576 3891 Med.
1610 3855 1829 3922 qnoque.
2460 3902 2469 3909 p

353 3954 357 3958 .
472 3904 536 3955 C.
573 3902 640 3956 X.
677 3908 712 3971 5
747 3908 796 3959 1.
865 3908 1308 3977 Polyperchonte]
1343 3904 1427 3958 De
1460 3906 1557 3959 hac
1589 3904 1824 3969 missione
1860 3908 1983 3961 alibi
2018 3926 2121 3960 non
2160 3906 2298 3976 leg-'13
2332 3906 2423 3959 sed
2454 3920 2583 3958 vera

339 3988 449 4024 esse
481 3971 720 4035 videtum
753 3990 868 4026 nam
903 3976 1001 4027 hoc
1039 3974 1150 4045 ipso
1184 3982 1420 4043 tempore
1447 3971 1551 4041 τὴν
1586 3974 2046 4047 Πολυπέρχοντος
2078 3972 2241 4041 τάξιν
2264 4004 2337 4015 --
2364 3976 2581 4042 Κρατε-

341 4038 422 4108 ρῷ
454 4034 613 4107 ἄγειν
639 4036 973 4111 προςέταξες
1007 4044 1214 4099 Arrian-
1253 4042 1354 4107 VI,
1389 4042 1455 4111 5,
1491 4044 1525 4109 ἓ
1562 4045 1647 4101 11.
1701 4046 1704 4051 ’
