2825 4442
2296 0 2802 8 v———W

558 244 565 259 ·
667 228 1051 294 HlsToR.
1107 228 1284 292 LIB.
1326 228 1538 290 XLIIL
1590 228 1781 291 cAP.
1828 236 1883 298 1.
1926 238 1985 299 2.
2031 236 2153 331 83*
2357 226 2498 299 ”889

253 384 656 455 reverteretur,
696 402 813 441 rem
838 382 1133 442 Faustulus
1172 389 1367 460 pastor
1396 383 1778 444 animadvertit
1802 386 2227 462 subtractosque
2255 386 2410 445 ferae

254 467 401 526 inter
441 484 643 543 greges
686 486 946 545 pecorum
990 468 1199 543 agresti
1240 469 1356 527 vita
1394 470 1634 526 nutrivit.
1718 468 1955 527 Martios
1985 488 2188 547 pueros
2219 471 2410 544 fuisse,
2425 480 2460 531 7

256 551 371 609 sive
400 553 557 625 quod
581 553 641 608 in
662 551 783 610 luco
809 548 1007 609 Martis
1038 553 1183 611 enixi
1210 558 1340 610 sunt
1364 553 1482 611 sive
1510 554 1662 628 quod
1690 570 1726 610 a
1752 553 1914 631 lupa,
1961 572 2104 629 quae
2141 556 2200 612 in
2239 555 2411 613 tutela

254 632 453 693 Martis
482 641 599 709 est,
643 638 871 709 nutriti,
923 636 1075 695 velut
1100 638 1403 695 manifestis
1431 638 1772 713 argumentis
1805 639 2090 696 creditum.
2164 637 2407 697 Nomina
2423 648 2456 699 8

156 758 164 765 ·
252 720 471 799 pueris,
510 719 669 779 alteri
694 720 897 794 Remo,
940 720 1095 779 alteri
1122 720 1353 778 Romulo
1379 723 1551 780 fuere.
1634 720 1848 779 Adultis
1886 723 2028 779 inter
2056 728 2308 799 pastores
2339 723 2412 782 de

252 803 455 862 virtute
482 805 813 881 quotidiana,
832 806 1130 863 certamina
1161 811 1220 863 et
1247 805 1390 863 vires
1417 810 1478 863 et
1509 806 1889 883 pernicitatem
1932 824 2148 865 auxere.
2231 806 2408 881 Igitur
2423 812 2458 865 9

254 897 375 947 cum
408 887 650 949 latrones
680 908 715 945 a
736 890 933 966 rapina
965 908 1226 965 pecorum
1254 890 1526 948 industrie
1551 891 1976 965 frequenterque
2003 885 2411 963 submovet-exit,

232 970 463 1031 Remus
502 972 574 1030 ab
602 973 798 1031 iisdem
831 972 1133 1031 latronibus
1161 979 1351 1049 captus
1368 1016 1389 1045 ,
1431 973 1601 1031 veluti
1643 974 1766 1051 ipse
1806 980 1954 1033 esset
1995 974 2147 1049 quod
2187 976 2248 1032 in
2285 974 2408 1033 aliis

251 1056 581 1133 prohibebat
604 1100 624 1131 ,
669 1059 789 1133 regi
808 1074 813 1083 ’
832 1058 1093 1117 offertur:
1120 1077 1127 1083 ·
1150 1050 1361 1115 crimini
1403 1058 1568 1121 datur
1595 1100 1612 1129 ,
1657 1058 1816 1132 quasi
1858 1076 2057 1133 greges
2099 1056 2407 1117 Numitoris

252 1142 517 1199 infestare
544 1141 741 1199 solitus
770 1147 937 1201 esset.
1020 1140 1187 1200 Tunc
1210 1159 1245 1199 a
1270 1160 1405 1217 rege
1434 1140 1712 1198 Numitori
1753 1142 1810 1199 in
1851 1140 2115 1201 ultionem
2155 1144 2407 1201 traditur.

250 1224 371 1283 Sed
394 1224 655 1284 Numitor
682 1226 1053 1285 adolescentia
1083 1226 1293 1283 iuvenis
1318 1231 1600 1303 permotus
1639 1230 1698 1283 et
1733 1227 1788 1282 in
1825 1227 2193 1303 suspicionem
2223 1246 2407 1304 ¹expo·
2424 1236 2490 1286 10

251 1309 343 1365 siti
365 1311 585 1387 nepotis
615 1311 889 1370 adductus
906 1352 923 1383 ,
965 1311 1087 1368 cum
1116 1329 1239 1376 eum
1264 1328 1411 1367 nunc
1439 1309 1891 1369 lineamentorum
1918 1310 2062 1370 filiae
2087 1311 2404 1383 similitudo,

248 1410 397 1450 nunc
424 1400 578 1451 aetas
608 1394 961 1471 expositionis
992 1394 1331 1471 temporibus
1370 1412 1680 1469 congruens
1724 1396 1946 1453 anxium
1986 1402 2269 1468 tenerent,
2317 1414 2408 1453 re-

246 1483 417 1553 pente
460 1478 758 1535 Faustulus
800 1498 920 1535 cum
973 1477 1211 1535 Romulo
1253 1478 1600 1555 supervenitz
1669 1496 1704 1534 a
1738 1496 1855 1553 quo
1913 1469 2136 1553 cognita
2189 1479 2404 1554 origine

243 1579 541 1638 puerorum
577 1564 721 1619 facta
763 1560 1175 1639 conspiratione
1194 1567 1275 1619 „et
1310 1561 1690 1629 adolescentes
1733 1562 1790 1618 in
1831 1562 2093 1622 ultionem
2120 1570 2406 1622 maternae
2453 1582 2460 1593 ·

245 1646 398 1703 necis
424 1650 483 1703 et
510 1644 769 1703 Numitor
794 1646 851 1703 in
883 1646 1175 1705 vindictam
1206 1640 1387 1722 erep'ti
1410 1646 1570 1719 regni
1596 1651 1895 1703 armantur.

415 1728 513 1787 ΙΙΙ.
559 1730 759 1787 Occiso
785 1728 1001 1786 Amulio
1026 1748 1259 1805 reguum
1282 1728 1560 1787 Numitori
1590 1729 1900 1787 restituitur
1923 1734 1979 1789 et
2003 1728 2132 1797 urbs
2148 1728 2404 1788 Romana
2421 1738 2448 1787 1

246 1813 321 1870 ab
352 1812 793 1871 adolescentibus
824 1814 1093 1870 conditur.
1180 1812 1343 1871 Tunc
1381 1819 1440 1871 et
1462 1818 1687 1871 senatus
1719 1820 1936 1871 centum
1966 1812 2242 1869 seniorum
2261 1856 2279 1887 ,
2309 1814 2404 1889 qui
2419 1816 2456 1868 2

248 1894 447 1954 Patres
481 1898 613 1955 dicti
654 1904 819 1969 sunt,
864 1896 1244 1967 constituitur3
1296 1902 1426 1953 tunc
1472 1894 1763 1955 et'vicinis
1806 1896 2075 1955 connubia
2117 1896 2404 1973 pastorum

246 1982 677 2056 dedignantibus
706 1972 943 2055 virgines
970 1980 1211 2039 Sabinae
1232 1982 1550 2059 rapiuntur3
1591 1980 1946 2056 finitimisque
1985 1980 2202 2057 populis
2239 1981 2402 2039 armis
2455 2010 2458 2017 ,

250 2065 514 2124 subiectis
541 2065 773 2145 primum
798 2064 989 2124 ltaliae
1018 2071 1075 2125 et
1101 2082 1228 2123 mox
1254 2066 1403 2121 orbis
1425 2064 1718 2141 ‘imperium
1743 2066 2071 2139 quaesitum.

256 2146 271 2161 ’
421 2148 533 2207 Per
573 2166 641 2207 ea
686 2149 865 2207 adhuc
900 2146 1149 2227 tempora
1184 2166 1345 2223 reges
1388 2148 1574 2211 hastas
1613 2167 1716 2225 pro
1763 2148 2078 2207 diademate
2104 2146 2454 2219 habebant,3

145 2306 156 2311 ⁸
249 2254 391 2311 quas
420 2232 620 2291 Graeci
648 2239 851 2309 sceptra
875 2233 1077 2291 dixere.
1165 2230 1309 2289 Nam
1340 2238 1400 2289 et
1439 2233 1510 2289 ab
1551 2232 1762 2307 origine
1800 2251 1978 2290 rerum
2018 2251 2122 2309 pro
2161 2230 2264 2288 diis
2301 2230 2402 2288 im-

246 2316 569 2376 mortalibus
596 2322 808 2379 veteres
838 2318 1027 2375 hastas
1057 2314 1304 2375 coluere:
1349 2318 1422 2373 ob
1455 2316 1606 2374 cuius
1639 2314 1920 2391 religionis
1945 2316 2262 2375 memoriam
2295 2315 2398 2373 ad-

247 2402 363 2461 huc
380 2404 608 2461 deorum
642 2402 945 2459 simulacris
974 2401 1164 2459 hastae
1195 2401 1489 2459 adduntur.
2197 2448 2202 2453 .

264 2542 273 2550 ,
417 2485 791 2561 Temporibus
830 2484 1121 2560 Tarquinii
1166 2485 1313 2559 regis
1350 2502 1420 2541 ex
1459 2483 1594 2539 Asia
1635 2480 2048 2544 Phocaeensium
2080 2486 2107 2516 *
2148 2483 2398 2539 iuventus
2415 2482 2452 2537 4

247 2571 391 2627 ostio
419 2568 645 2629 Tiberis
665 2570 883 2627 invecta
902 2568 1193 2627 amicitiam
1224 2586 1354 2624 cunr
1374 2566 1642 2625 Romanis
1675 2568 1877 2625 iuant:
1917 2567 2046 2623 inde
2083 2567 2142 2621 in
2184 2566 2400 2623 ultimos

249 2653 465 2713 Galliae
502 2654 653 2711 sinus
676 2654 907 2711 navibus
946 2654 1192 2731 profecta
1230 2650 1533 2711 Massiliam
1565 2652 1709 2709 inter
1733 2649 1971 2727 Ligures
2001 2654 2060 2709 et
2090 2651 2233 2709 feras
2262 2668 2401 2725 gen-

403 2782 431 2813 *
472 2774 843 2837 Phocensium'

386 2981 419 3043 S
454 2980 504 3033 9.
576 2976 779 3029 crim'ini
812 2974 1001 3039 datitr,
1035 2974 1121 3043 q.].
1144 2975 1338 3039 Goth„
1376 2978 1404 3028 1
1445 2974 1622 3028 Mod.=
1661 2974 1995 3038 criminatur,
2023 2992 2070 3043 q.

386 3048 453 3101 Ο.
486 3047 579 3099 m.
634 3048 667 3110 ς
701 3048 751 3101 3.
822 3044 1035 3110 hastas]
1086 3044 1168 3095 De
1206 3060 1267 3095 re
1298 3044 1430 3097 satis
1465 3044 1626 3096 multa
1661 3042 1979 3111 collegerunt
2011 3043 2271 3111 interpp.;
2307 3036 2483 3093 eodem

246 3115 425 3180 modo,
458 3116 507 3169 si
538 3122 681 3168 recte
715 3112 945 3172 memini,
998 3112 1209 3163 eandem
1246 3118 1458 3179 ceperat
1489 3109 1772 3163 Suetonius
1805 3114 1860 3161 in
1894 3111 1972 3163 fra
2009 3128 2063 3193 g.
2113 3138 2183 3149 -
2231 3110 2330 3162 Pro
2365 3124 2483 3160 ver-

246 3185 359 3237 bist
395 3186 461 3236 ub
496 3184 702 3253 origine
730 3198 903 3233 rerum
944 3180 1141 3248 {fariza
1178 3182 1513 3249 Aborigines,
1549 3186 1608 3231 ut
1643 3179 1936 3231 coniecerat
1968 3125 2192 3247 {ipsius-

387 3257 421 3319 §
455 3251 505 3308 4.
567 3251 850 3318 Tarquinii
883 3250 1055 3319 regis]
1094 3248 1291 3312 Prisci,
1325 3266 1373 3301 a.
1400 3248 1516 3299 fere
1550 3250 1671 3303 600.
1742 3247 1886 3299 Male
1918 3246 1992 3299 Io.
2029 3248 2226 3299 Christ.
2260 3244 2484 3297 Iohann-

246 3336 337 3375 sen
350 3358 369 3385 ,
428 3322 620 3374 veteris
668 3320 943 3371 Massiliae
986 3334 1069 3369 res
1126 3324 1181 3370 et
1226 3318 1473 3369 instituta
1521 3334 1584 3369 es
1633 3317 1870 3381 fontibus
1927 3316 2241 3373 adumbrata
2288 3312 2482 3380 (1817)

246 3407 299 3457 p.
338 3391 403 3443 13
438 3406 515 3457 sq.
551 3385 807 3439 intellexit
838 3387 1140 3454 Superbum.
1209 3387 1275 3437 V.
1310 3385 1552 3437 vossium
1585 3388 1653 3436 ad
1691 3385 1742 3435 h.
1777 3384 1810 3435 1.
1844 3410 1916 3423 -
1963 3382 2228 3435 Massiliae
2260 3397 2345 3433 res
2385 3381 2480 3433 ad·

246 3457 425 3511 bibitis
461 3464 516 3509 et
548 3456 812 3509 veteribus
846 3464 902 3507 et
926 3454 1313 3509 'recentioribus
1344 3453 1588 3505 subsidiis
1623 3454 1784 3504 ferme
1819 3450 2046 3503 omnibns
2081 3451 2360 3519 diligenter
2387 3448 2482 3501 ad-

246 3525 500 3579 umbravit
545 3523 985 3579 coniunctissimus
1034 3523 1152 3576 olim
1196 3520 1315 3575 milii
1364 3522 1420 3573 in
1455 3518 1731 3576 Academia
1766 3520 2100 3587 Gottingensi
2133 3518 2481 3571 Hearicus

252 3596 595 3647 Tei-naum
640 3593 863 3645 historia
917 3592 1228 3659 reipublicae
1266 3589 1671 3643 Massiliensium
1717 3606 1752 3641 a
1795 3588 2097 3657 primordiis
2145 3590 2220 3640 ud
2261 3585 2482 3639 Neronis

130 3712 133 3717 .
246 3668 514 3732 tempor-113
550 3660 839 3727 Gottingae
856 3698 871 3723 ‚
920 3660 1070 3715 1826.
1139 3660 1192 3711 Is
1228 3658 1381 3714 etiam
1419 3659 1484 3711 de
1519 3659 1626 3721 rei,
1669 3672 1802 3727 quae
1838 3656 1935 3709 hac
1968 3660 2002 3723 S
2037 3662 2303 3717 narratur,
2339 3652 2478 3705 veri-

245 3734 355 3785 tete
388 3731 629 3785 iudicium
663 3730 789 3782 tulit
822 3727 1053 3781 excussis
1086 3726 1403 3795 argumentis
1437 3736 1484 3794 p.
1521 3724 1590 3779 87
1625 3742 1703 3793 sq.

385 3798 753 3865 Phocensium]
786 3796 869 3848 Ita
904 3794 1053 3849 codd.
1088 3812 1292 3864 omnes,
1326 3796 1482 3848 etiam
1517 3791 1818 3847 Vincentius
1853 3808 1920 3844 ex
1955 3789 2274 3855 Helinaudo,
2309 3788 2404 3857 Sp.
2429 3787 2476 3841 h.

245 3867 355 3932 m,
392 3886 437 3921 c.
475 3870 591 3921 111.
662 3865 939 3934 Antiquam
972 3863 1184 3927 vitium3
1219 3882 1271 3919 v.
1307 3867 1468 3930 supra
1501 3862 1569 3913 ad
1606 3858 1887 3920 XXXVII,
1929 3863 1993 3923 1,
2029 3862 2061 3925 S
2101 3862 2126 3911 1
2165 3868 2219 3909 et
2251 3858 2478 3925 interpp.

122 3930 132 3938 ⁴
245 3937 298 3995 h.
333 3939 367 3991 l.
434 3936 609 3989 Hodie
642 3931 841 3987 edituri
878 3932 1291 3985 Phocaeensium.
1360 3932 1454 3983 Sic
1485 3936 1542 3983 et
1575 3933 1608 3997 S
1643 3932 1694 3983 5.
1731 3954 1798 3969 -·
1847 3929 2044 3996 Bong.=
2086 3928 2306 3995 Tyberim

378 4005 653 4074 prqfectu]
698 4002 1039 4055 Francken-us
1084 4008 1329 4069 tanquam
1376 3998 1630 4051 Gronovii
1677 3997 2028 4049 excudendum
2073 3995 2308 4047 curavite
2353 4008 2477 4061 pu·-

240 4082 422 4139 vccta,
458 4092 489 4127 e
524 4074 684 4126 Dorv.
720 4072 786 4126 3:
820 4088 870 4125 v.
894 4068 1193 4141 .Wopkens.
1264 4059 1440 4123 Paullo
1475 4080 1598 4120 ante
1625 4065 1982 4119 Helinsndust
2016 4066 2170 4117 undo.
